@article{mehl2007women,
  title={Are women really more talkative than men?},
  author={Mehl, Matthias R and Vazire, Simine and Ram{\'\i}rez-Esparza, Nair{\'a}n and Slatcher, Richard B and Pennebaker, James W},
  journal={Science},
  volume={317},
  number={5834},
  pages={82--82},
  year={2007},
  publisher={American Association for the Advancement of Science}
}

@book{stanovich2013think,
  title={How to think straight about psychology 10th ed.},
  author={Stanovich, Keith E},
  year={2013},
  publisher={Pearson Education, Inc., Boston}
}

@article{hines1998comprehensive,
  title={Comprehensive review of biorhythm theory},
  author={Hines, Terence M},
  journal={Psychological reports},
  volume={83},
  number={1},
  pages={19--64},
  year={1998},
  publisher={SAGE Publications Sage CA: Los Angeles, CA}
}

@book{popper2014conjectures,
  title={Conjectures and refutations: The growth of scientific knowledge},
  author={Popper, Karl},
  year={2014},
  publisher={routledge}
}

@article{collet2010phoning,
  title={Phoning while driving I: a review of epidemiological, psychological, behavioural and physiological studies},
  author={Collet, Christian and Guillot, Aymeric and Petit, C},
  journal={Ergonomics},
  volume={53},
  number={5},
  pages={589--601},
  year={2010},
  publisher={Taylor \& Francis}
}

@article{bushman2002does,
  title={Does venting anger feed or extinguish the flame? Catharsis, rumination, distraction, anger, and aggressive responding},
  author={Bushman, Brad J},
  journal={Personality and social psychology bulletin},
  volume={28},
  number={6},
  pages={724--731},
  year={2002},
  publisher={Sage Publications Sage CA: Thousand Oaks, CA}
}

@article{bushman2001effects,
  title={Effects of televised violence on aggression},
  author={Bushman, Brad J and Huesmann, L Rowell},
  journal={Handbook of children and the media},
  pages={223--254},
  year={2001},
  publisher={Sage}
}
@book{gilovich2008we,
  title={How we know what isn't so},
  author={Gilovich, Thomas},
  year={2008},
  publisher={Simon and Schuster}
}

@article{kassin2004psychology,
  title={The psychology of confessions: A review of the literature and issues},
  author={Kassin, Saul M and Gudjonsson, Gisli H},
  journal={Psychological Science in the Public Interest},
  volume={5},
  number={2},
  pages={33--67},
  year={2004},
  publisher={SAGE Publications Sage CA: Los Angeles, CA}
}

@article{lilienfeld2010five,
  title={The five great myths of popular psychology: Implications for psychotherapy},
  author={Lilienfeld, Scott O and Lynn, Steven Jay and Beyerstein, Barry L},
  journal={Rational and Irrational Beliefs},
  pages={313},
  year={2010}
}

@article{mann2007medicare,
  title={Medicare's search for effective obesity treatments: diets are not the answer.},
  author={Mann, Traci and Tomiyama, A Janet and Westling, Erika and Lew, Ann-Marie and Samuels, Barbra and Chatman, Jason},
  journal={American Psychologist},
  volume={62},
  number={3},
  pages={220},
  year={2007},
  publisher={American Psychological Association}
}

@book{norcross2006evidence,
  title={Evidence-based practices in mental health: Debate and dialogue on the fundamental questions.},
  author={Norcross, John C and Beutler, Larry E and Levant, Ronald F},
  year={2006},
  publisher={American Psychological Association}
}

@article{bruck2009human,
  title={Human figure drawings and childrenâ€™s recall of touching.},
  author={Bruck, Maggie},
  journal={Journal of Experimental Psychology: Applied},
  volume={15},
  number={4},
  pages={361},
  year={2009},
  publisher={American Psychological Association}
}

@book{weisberg1993creativity,
  title={Creativity: Beyond the myth of genius},
  author={Weisberg, Robert},
  year={1993},
  publisher={WH Freeman}
}

@article{milgram1963behavioral,
  title={Behavioral study of obedience.},
  author={Milgram, Stanley},
  journal={The Journal of abnormal and social psychology},
  volume={67},
  number={4},
  pages={371},
  year={1963},
  publisher={American Psychological Association}
}

@article{adair2003explosion,
  title={The explosion of knowledge, references, and citations: Psychology's unique response to a crisis.},
  author={Adair, John G and Vohra, Neharika},
  journal={American Psychologist},
  volume={58},
  number={1},
  pages={15},
  year={2003},
  publisher={American Psychological Association}
}

@article{burns2010british,
  title={British medical council bars doctor who linked vaccine with autism},
  author={Burns, John F},
  journal={The New York Times A},
  volume={4},
  year={2010}
}

@article{rosenthal1994science,
  title={Science and ethics in conducting, analyzing, and reporting psychological research},
  author={Rosenthal, Robert},
  journal={Psychological Science},
  volume={5},
  number={3},
  pages={127--134},
  year={1994},
  publisher={SAGE Publications Sage CA: Los Angeles, CA}
}

@book{reverby2009examining,
  title={Examining Tuskegee: The infamous syphilis study and its legacy},
  author={Reverby, Susan M},
  year={2009},
  publisher={Univ of North Carolina Press}
}

@article{middlemist1976personal,
  title={Personal space invasions in the lavatory: suggestive evidence for arousal.},
  author={Middlemist, R Dennis and Knowles, Eric S and Matter, Charles F},
  journal={Journal of personality and social psychology},
  volume={33},
  number={5},
  pages={541},
  year={1976},
  publisher={American Psychological Association}
}

@article{koocher1977bathroom,
  title={Bathroom behavior and human dignity.},
  author={Koocher, Gerald P},
  year={1977},
  publisher={American Psychological Association}
}

@article{middlemist1977and,
  title={What to do and what to report: A reply to Koocher.},
  author={Middlemist, R Dennis and Knowles, Eric S and Matter, Charles F},
  year={1977},
  publisher={American Psychological Association}
}

@article{mann1994informed,
  title={Informed consent for psychological research: Do subjects comprehend consent forms and understand their legal rights?},
  author={Mann, Traci},
  journal={Psychological Science},
  volume={5},
  number={3},
  pages={140--143},
  year={1994},
  publisher={SAGE Publications Sage CA: Los Angeles, CA}
}

@article{sieber1995deception,
  title={Deception methods in psychology: Have they changed in 23 years?},
  author={Sieber, Joan E and Iannuzzo, Rebecca and Rodriguez, Beverly},
  journal={Ethics \& Behavior},
  volume={5},
  number={1},
  pages={67--85},
  year={1995},
  publisher={Taylor \& Francis}
}

@article{baumrind1985research,
  title={Research using intentional deception: Ethical issues revisited.},
  author={Baumrind, Diana},
  journal={American psychologist},
  volume={40},
  number={2},
  pages={165},
  year={1985},
  publisher={American Psychological Association}
}

@article{bowd1993case,
  title={The case against laboratory animal research in psychology},
  author={Bowd, Alan D and Shapiro, Kenneth J},
  journal={Journal of Social Issues},
  volume={49},
  number={1},
  pages={133--142},
  year={1993},
  publisher={Wiley Online Library}
}

@article{miller1985value,
  title={The value of behavioral research on animals.},
  author={Miller, Neal E},
  journal={American Psychologist},
  volume={40},
  number={4},
  pages={423},
  year={1985},
  publisher={American Psychological Association}
}

@article{haidt1993affect,
  title={Affect, culture, and morality, or is it wrong to eat your dog?},
  author={Haidt, Jonathan and Koller, Silvia Helena and Dias, Maria G},
  journal={Journal of personality and social psychology},
  volume={65},
  number={4},
  pages={613},
  year={1993},
  publisher={American Psychological Association}
}

@article{burger2009replicating,
  title={Replicating Milgram: Would people still obey today?},
  author={Burger, Jerry M},
  journal={American Psychologist},
  volume={64},
  number={1},
  pages={1},
  year={2009},
  publisher={American Psychological Association}
}

@article{campbell2003secret,
  title={The secret life of pronouns: Flexibility in writing style and physical health},
  author={Campbell, R Sherlock and Pennebaker, James W},
  journal={Psychological science},
  volume={14},
  number={1},
  pages={60--65},
  year={2003},
  publisher={SAGE Publications Sage CA: Los Angeles, CA}
}

@article{lepore2002expressive,
  title={Expressive writing and health: Self-regulation of emotion-related experience, physiology, and behavior.},
  author={Lepore, Stephen J and Greenberg, Melanie A and Bruno, Michelle and Smyth, Joshua M},
  year={2002},
  publisher={American Psychological Association}
}

@article{zajonc1965social,
  title={Social Facilitation: A solution is suggested for an old unresolved social psychological problem.},
  author={Zajonc, Robert B},
  journal={Science},
  volume={149},
  number={3681},
  pages={269--274},
  year={1965},
  publisher={American Association for the Advancement of Science}
}

@book{izawa1999human,
  title={On human memory: Evolution, progress, and reflections on the 30th anniversary of the Atkinson-Shiffrin model},
  author={Izawa, Chizuko},
  year={1999},
  publisher={Psychology Press}
}

@article{neisser1996intelligence,
  title={Intelligence: knowns and unknowns.},
  author={Neisser, Ulric and Boodoo, Gwyneth and Bouchard Jr, Thomas J and Boykin, A Wade and Brody, Nathan and Ceci, Stephen J and Halpern, Diane F and Loehlin, John C and Perloff, Robert and Sternberg, Robert J and others},
  journal={American psychologist},
  volume={51},
  number={2},
  pages={77},
  year={1996},
  publisher={American Psychological Association}
}

@article{lilienfeld2003dissociative,
  title={Dissociative identity disorder: Multiple personalities, multiple controversies.},
  author={Lilienfeld, Scott O and Lynn, Steven Jay},
  year={2003},
  publisher={Guilford Press}
}

@book{fine1990history,
  title={The history of psychoanalysis, New exp},
  author={Fine, Reuben},
  year={1990},
  publisher={Jason Aronson}
}

@article{logan2003subitizing,
  title={Subitizing and similarity: Toward a pattern-matching theory of enumeration},
  author={Logan, Gordon D and Zbrodoff, N Jane},
  journal={Psychonomic bulletin \& review},
  volume={10},
  number={3},
  pages={676--682},
  year={2003},
  publisher={Springer}
}

@book{huband2009understanding,
  title={Understanding repeated self-injury: A multidisciplinary approach},
  author={Huband, Nick and Tantam, Digby},
  year={2009},
  publisher={Macmillan International Higher Education}
}

@article{buss1993sexual,
  title={Sexual strategies theory: A contextual evolutionary analysis of human mating},
  author={Buss, D M and Schmitt, D P},
  journal={Psychological Review},
  volume={100},
  pages={204--232},
  year={1993},
}

@article{williams2004psychopathology,
  title={The psychopathology of self-assessed health: A cognitive approach to health anxiety and hypochondriasis},
  author={Williams, Paula G},
  journal={Cognitive Therapy and Research},
  volume={28},
  number={5},
  pages={629--644},
  year={2004},
  publisher={Springer}
}

@article{zajonc1969social,
  title={Social enhancement and impairment of performance in the cockroach.},
  author={Zajonc, Robert B and Heingartner, Alexander and Herman, Edward M},
  journal={Journal of Personality and Social Psychology},
  volume={13},
  number={2},
  pages={83},
  year={1969},
  publisher={American Psychological Association}
}

@article{schwarz1991ease,
  title={Ease of retrieval as information: Another look at the availability heuristic.},
  author={Schwarz, Norbert and Bless, Herbert and Strack, Fritz and Klumpp, Gisela and Rittenauer-Schatka, Helga and Simons, Annette},
  journal={Journal of Personality and Social psychology},
  volume={61},
  number={2},
  pages={195},
  year={1991},
  publisher={American Psychological Association}
}

@article{burger2001effect,
  title={The effect of fleeting attraction on compliance to requests},
  author={Burger, Jerry M and Soroka, Shelley and Gonzago, Katrina and Murphy, Emily and Somervell, Emily},
  journal={Personality and Social Psychology Bulletin},
  volume={27},
  number={12},
  pages={1578--1586},
  year={2001},
  publisher={Sage Publications Sage CA: Thousand Oaks, CA}
}

@article{macdonald2002self,
  title={Self-esteem, mood, and intentions to use condoms: When does low self-esteem lead to risky health behaviors?},
  author={MacDonald, Tara K and Martineau, Alanna M},
  journal={Journal of Experimental Social Psychology},
  volume={38},
  number={3},
  pages={299--306},
  year={2002},
  publisher={Elsevier}
}

@book{rosenberg1989society,
  title={Society and the adolescent self-image},
  author={Rosenberg, Morris},
  year={1989},
  publisher={Princeton university press}
}

@article{costa1992normal,
  title={Normal personality assessment in clinical practice: The NEO Personality Inventory.},
  author={Costa, Paul T and McCrae, Robert R},
  journal={Psychological assessment},
  volume={4},
  number={1},
  pages={5},
  year={1992},
  publisher={American Psychological Association}
}

@article{bandura1961transmission,
  title={Transmission of aggression through imitation of aggressive models.},
  author={Bandura, Albert and Ross, Dorothea and Ross, Sheila A},
  journal={The Journal of Abnormal and Social Psychology},
  volume={63},
  number={3},
  pages={575},
  year={1961},
  publisher={American Psychological Association}
}

@article{stevens1946theory,
  title={On the theory of scales of measurement},
  author={Stevens, Stanley Smith},
  journal={Science},
  volume={103},
  number={2684},
  pages={677--680},
  year={1946},
  publisher={American Association for the Advancement of Science}
}

@article{nosek2007implicit,
  title={The Implicit Association Test at age 7: A methodological and conceptual review.},
  author={Nosek, Brian A and Greenwald, Anthony G and Banaji, Mahzarin R},
  year={2007},
  publisher={Psychology Press}
}

@article{cacioppo1982need,
  title={The need for cognition.},
  author={Cacioppo, John T and Petty, Richard E},
  journal={Journal of personality and social psychology},
  volume={42},
  number={1},
  pages={116},
  year={1982},
  publisher={American Psychological Association}
}

@article{petty2009need,
  title={The need for cognition.},
  author={Petty, Richard E and Bri{\~n}ol, Pablo and Loersch, Chris and McCaslin, Michael J},
  year={2009},
  publisher={The Guilford Press}
}

@article{gosling2003very,
  title={A very brief measure of the Big-Five personality domains},
  author={Gosling, Samuel D and Rentfrow, Peter J and Swann Jr, William B},
  journal={Journal of Research in personality},
  volume={37},
  number={6},
  pages={504--528},
  year={2003},
  publisher={Elsevier}
}

@article{stroop1935studies,
  title={Studies of interference in serial verbal reactions.},
  author={Stroop, J Ridley},
  journal={Journal of experimental psychology},
  volume={18},
  number={6},
  pages={643},
  year={1935},
  publisher={Psychological Review Company}
}

@article{amir2002enhanced,
  title={Enhanced Stroop interference for threat in social phobia},
  author={Amir, Nader and Freshman, Melinda and Foa, Edna},
  journal={Journal of Anxiety Disorders},
  volume={16},
  number={1},
  pages={1--9},
  year={2002},
  publisher={Elsevier}
}

@article{darley1968bystander,
  title={Bystander intervention in emergencies: diffusion of responsibility.},
  author={Darley, John M and Latan{\'e}, Bibb},
  journal={Journal of personality and social psychology},
  volume={8},
  number={4p1},
  pages={377},
  year={1968},
  publisher={American Psychological Association}
}

@article{manning2007kitty,
  title={The Kitty Genovese murder and the social psychology of helping: The parable of the 38 witnesses.},
  author={Manning, Rachel and Levine, Mark and Collins, Alan},
  journal={American Psychologist},
  volume={62},
  number={6},
  pages={555},
  year={2007},
  publisher={American Psychological Association}
}

@article{fredrickson1998swimsuit,
  title={That swimsuit becomes you: sex differences in self-objectification, restrained eating, and math performance.},
  author={Fredrickson, Barbara L and Roberts, Tomi-Ann and Noll, Stephanie M and Quinn, Diane M and Twenge, Jean M},
  journal={Journal of personality and social psychology},
  volume={75},
  number={1},
  pages={269},
  year={1998},
  publisher={American Psychological Association}
}

@article{cialdini2005don,
  title={Donâ€™t throw in the towel: Use social influence research},
  author={Cialdini, Robert},
  journal={APS Observer},
  volume={18},
  year={2005}
}

@article{price2008placebo,
author = {Price, Donald D. and Finniss, Damien G. and Benedetti, Fabrizio},
title = {A Comprehensive Review of the Placebo Effect: Recent Advances and Current Thought},
journal = {Annual Review of Psychology},
volume = {59},
number = {1},
pages = {565-590},
year = {2008}
}

@book{shapiro2000powerful,
  title={The powerful placebo: From ancient priest to modern physician},
  author={Shapiro, Arthur K and Shapiro, Elaine},
  year={2000},
  publisher={JHU Press}
}

@article{moseley2002controlled,
  title={A controlled trial of arthroscopic surgery for osteoarthritis of the knee},
  author={Moseley, J Bruce and O'malley, Kimberly and Petersen, Nancy J and Menke, Terri J and Brody, Baruch A and Kuykendall, David H and Hollingsworth, John C and Ashton, Carol M and Wray, Nelda P},
  journal={New England Journal of Medicine},
  volume={347},
  number={2},
  pages={81--88},
  year={2002},
  publisher={Mass Medical Soc}
}

@article{birnbaum1999show,
  title={How to show that 9> 221: Collect judgments in a between-subjects design.},
  author={Birnbaum, Michael H},
  journal={Psychological Methods},
  volume={4},
  number={3},
  pages={243},
  year={1999},
  publisher={American Psychological Association}
}

@article{rosenthal1965volunteer,
  title={The volunteer subject},
  author={Rosenthal, Robert},
  journal={Human relations},
  volume={18},
  number={4},
  pages={389--406},
  year={1965},
  publisher={Sage Publications Sage CA: Thousand Oaks, CA}
}

@article{gueguen2003effect,
  title={The effect of smiling on helping behavior: Smiling and good Samaritan behavior},
  author={Gueguen, Nicolas and De Gail, Marie-Agn{\`e}s},
  journal={Communication reports},
  volume={16},
  number={2},
  pages={133--140},
  year={2003},
  publisher={Taylor \& Francis}
}

@article{rosenthal1976experimenter,
  title={Experimenter effects in behavioral research},
  author={Rosenthal, Robert},
  year={1976},
  publisher={Irvington}
}

@article{kallai2004effects,
  title={The effects of experimenter characteristics on pain reports in women and men},
  author={K{\'a}llai, Ibolya and Barke, Antonia and Voss, Ursula},
  journal={Pain},
  volume={112},
  number={1-2},
  pages={142--147},
  year={2004},
  publisher={Elsevier}
}

@article{rosenthal1963effect,
  title={The effect of experimenter bias on the performance of the albino rat},
  author={Rosenthal, Robert and Fode, Kermit L},
  journal={Behavioral Science},
  volume={8},
  number={3},
  pages={183--189},
  year={1963},
  publisher={Wiley Online Library}
}

@misc{loftus1995formation,
  title={The formation of false memories},
  author={Loftus, Elizabeth F and Pickrell, Jacqueline E},
  journal={Psychiatric annals},
  volume={25},
  number={12},
  pages={720--725},
  year={1995},
  publisher={SLACK Incorporated Thorofare, NJ}
}

@article{rosenhan1973being,
  title={On being sane in insane places},
  author={Rosenhan, David L},
  journal={Science},
  volume={179},
  number={4070},
  pages={250--258},
  year={1973},
  publisher={American Association for the Advancement of Science}
}

@book{milgram1964obedience,
  title={Obedience to authority: An experimental view},
  author={Milgram, S},
  year={1974},
  publisher={Harper \& Row}
}